<record><leader>00000cas a2200000 a 4500</leader><controlfield tag="001">11270400</controlfield><controlfield tag="008">841016d18741931iauwr ne      0   a0eng c</controlfield><datafield ind1=" " ind2=" " tag="010"><subfield code="a">sn 84038335 </subfield></datafield><datafield ind1=" " ind2=" " tag="040"><subfield code="a">NPX</subfield><subfield code="b">eng</subfield><subfield code="c">NPX</subfield><subfield code="d">INP</subfield><subfield code="d">CVF</subfield><subfield code="d">OCLCQ</subfield><subfield code="d">DLC</subfield><subfield code="d">OCLCF</subfield></datafield><datafield ind1="0" ind2=" " tag="022"><subfield code="a">2474-3259</subfield><subfield code="2">1</subfield></datafield><datafield ind1="1" ind2=" " tag="029"><subfield code="a">AU@</subfield><subfield code="b">000022299363</subfield></datafield><datafield ind1=" " ind2=" " tag="042"><subfield code="a">pcc</subfield><subfield code="a">nsdp</subfield></datafield><datafield ind1=" " ind2=" " tag="043"><subfield code="a">n-us-ia</subfield></datafield><datafield ind1="0" ind2="0" tag="050"><subfield code="a">Newspaper</subfield></datafield><datafield ind1="1" ind2="0" tag="082"><subfield code="a">071</subfield><subfield code="2">23</subfield></datafield><datafield ind1="0" ind2=" " tag="130"><subfield code="a">Missouri Valley times (Missouri Valley, Iowa)</subfield></datafield><datafield ind1=" " ind2="0" tag="222"><subfield code="a">Missouri Valley times</subfield><subfield code="b">(Missouri Valley, Iowa. Print)</subfield></datafield><datafield ind1="1" ind2="0" tag="245"><subfield code="a">Missouri Valley times.</subfield></datafield><datafield ind1=" " ind2=" " tag="260"><subfield code="a">Missouri Valley, Iowa :</subfield><subfield code="b">D.M. Harris &amp; Sons,</subfield><subfield code="c">-1931.</subfield></datafield><datafield ind1=" " ind2=" " tag="300"><subfield code="a">v.</subfield></datafield><datafield ind1=" " ind2=" " tag="310"><subfield code="a">Weekly</subfield></datafield><datafield ind1="1" ind2=" " tag="362"><subfield code="a">Began in 1874?</subfield><subfield code="z">Cf. Bibl. of Iowa newspapers.</subfield></datafield><datafield ind1="0" ind2=" " tag="362"><subfield code="a">-v. 64, no. 6 (Aug. 13, 1931).</subfield></datafield><datafield ind1=" " ind2=" " tag="500"><subfield code="a">Publisher varies.</subfield></datafield><datafield ind1=" " ind2=" " tag="500"><subfield code="a">"Democratic," &lt;1876&gt;.</subfield></datafield><datafield ind1=" " ind2=" " tag="500"><subfield code="a">Editor: D.M. Harris, &lt;1876&gt;.</subfield></datafield><datafield ind1=" " ind2=" " tag="530"><subfield code="a">Archived issues are available in digital format from the Library of Congress Chronicling America online collection.</subfield></datafield><datafield ind1=" " ind2=" " tag="588"><subfield code="a">Description based on: Vol. 9, no. 11 (Oct. 20, 1876).</subfield></datafield><datafield ind1=" " ind2="0" tag="651"><subfield code="a">Missouri Valley (Iowa)</subfield><subfield code="v">Newspapers.</subfield></datafield><datafield ind1=" " ind2="7" tag="655"><subfield code="a">Newspapers.</subfield><subfield code="2">fast</subfield><subfield code="0">(OCoLC)fst01423814</subfield></datafield><datafield ind1=" " ind2="7" tag="651"><subfield code="a">Iowa</subfield><subfield code="z">Missouri Valley.</subfield><subfield code="2">fast</subfield><subfield code="0">(OCoLC)fst01228832</subfield></datafield><datafield ind1=" " ind2=" " tag="752"><subfield code="a">United States</subfield><subfield code="b">Iowa</subfield><subfield code="c">Harrison</subfield><subfield code="d">Missouri Valley.</subfield></datafield><datafield ind1="0" ind2=" " tag="775"><subfield code="t">Missouri Valley daily times (Missouri Valley, Iowa : 1891)</subfield><subfield code="w">(DLC)sn 85049862</subfield><subfield code="g">Apr. 1891-1931</subfield><subfield code="w">(OCoLC)12888404</subfield></datafield><datafield ind1="0" ind2="8" tag="776"><subfield code="i">Online version:</subfield><subfield code="t">Missouri Valley times (Missouri Valley, Iowa)</subfield><subfield code="x">2474-3267</subfield><subfield code="w">(DLC)  2016271174</subfield><subfield code="w">(OCoLC)958884779</subfield></datafield><datafield ind1="0" ind2="0" tag="780"><subfield code="t">Harrisonian (Missouri Valley, Iowa)</subfield><subfield code="w">(DLC)sn 84027257</subfield><subfield code="w">(OCoLC)10967837</subfield></datafield><datafield ind1="0" ind2="4" tag="785"><subfield code="t">Missouri Valley daily times (Missouri Valley, Iowa : 1891)</subfield><subfield code="w">(DLC)sn 85049862</subfield><subfield code="g">Aug. 15, 1931</subfield><subfield code="w">(OCoLC)12888404</subfield></datafield><datafield ind1="4" ind2="1" tag="856"><subfield code="u">http://chroniclingamerica.loc.gov/lccn/sn84038335/issues/</subfield></datafield></record>